@inproceedings{FlowNet,
  author       = {Alexey Dosovitskiy and Philipp Fischer and Eddy Ilg
                  and Philip H{\"a}usser and Caner Haz{\i}rba{\c{s}} and
                  Vladimir Golkov and Patrick v.d. Smagt and Daniel Cremers and Thomas Brox},
  title        = {{FlowNet}: Learning Optical Flow with Convolutional Networks},
  booktitle    = iccv-2015,
  year         = iccv-2015-yr,
  month = iccv-2015-mon}

@inproceedings{FlowNet2,
  author       = {Eddy Ilg and Nikolaus Mayer and Tonmoy Saikia and
                  Margret Keuper and Alexey Dosovitskiy and Thomas Brox},
  title        = {{FlowNet} 2.0: {E}volution of Optical Flow Estimation with Deep Networks},
  booktitle    = cvpr-2017,
  year         = cvpr-2017-yr,
  month = cvpr-2017-mon}

@inproceedings{SceneFlowDataset,
  author       = {Nikolaus Mayer and Eddy Ilg and Philip H{\"a}usser and Philipp Fischer and
                  Daniel Cremers and Alexey Dosovitskiy and Thomas Brox},
  title        = {A Large Dataset to Train Convolutional Networks for
                  Disparity, Optical Flow, and Scene Flow Estimation},
  booktitle    = cvpr-2016,
  year         = cvpr-2016-yr,
  month = cvpr-2016-mon}

@article{SfmNet,
  author    = {Sudheendra Vijayanarasimhan and
               Susanna Ricco and
               Cordelia Schmid and
               Rahul Sukthankar and
               Katerina Fragkiadaki},
  title     = {{SfM-Net}: Learning of Structure and Motion from Video},
  journal   = {arXiv preprint arXiv:1704.07804},
  year      = {2017}}

@inproceedings{MaskRCNN,
  Author    = {Kaiming He and Georgia Gkioxari and
               Piotr Doll\'{a}r and Ross Girshick},
  Title     = {{Mask {R-CNN}}},
  Booktitle   = cvpr-2017,
  Year      = cvpr-2017-yr,
  month = cvpr-2017-mon}

@inproceedings{FasterRCNN,
  Author = {Shaoqing Ren and Kaiming He and
            Ross Girshick and Jian Sun},
  Title = {Faster {R-CNN}: Towards Real-Time Object Detection
           with Region Proposal Networks},
  Booktitle = nips-2015,
  Year = nips-2015-yr}

@inproceedings{FastRCNN,
  Author = {Ross Girshick},
  Title = {Fast {R-CNN}},
  Booktitle = iccv-2015,
  year = iccv-2015-yr,
  month = iccv-2015-mon}

@inproceedings{InstanceSceneFlow,
  Author = {Aseem Behl and Omid Hosseini Jafari and Siva Karthik Mustikovela and
            Hassan Abu Alhaija and Carsten Rother and Andreas Geiger},
  Title = {Bounding Boxes, Segmentations and Object Coordinates:
           How Important is Recognition for 3D Scene Flow Estimation
           in Autonomous Driving Scenarios?},
  Booktitle = iccv-2017,
  year = iccv-2017-yr,
  month = iccv-2017-mon}

@inproceedings{RCNN,
  Author    = {Ross Girshick and
               Jeff Donahue and
               Trevor Darrell and
               Jitendra Malik},
  Title     = {Rich feature hierarchies for accurate
               object detection and semantic segmentation},
  Booktitle = cvpr-2014,
  Year      = cvpr-2014-yr,
  month      = cvpr-2014-mon}

@inproceedings{ImageNetCNN,
  title = {ImageNet Classification with Deep Convolutional Neural Networks},
  author = {Alex Krizhevsky and Sutskever, Ilya and Hinton, Geoffrey E.},
  booktitle = nips-2012,
  year = nips-2012-yr}

@inproceedings{VGGNet,
    author       = {Karen Simonyan and Andrew Zisserman},
    title        = {Very Deep Convolutional Networks for Large-Scale Image Recognition},
    booktitle      = {3rd International Conference on Learning Representations},
    year         = {2015}}

@inproceedings{ResNet,
	author = {Kaiming He and Xiangyu Zhang and Shaoqing Ren and Jian Sun},
	title = {Deep Residual Learning for Image Recognition},
	booktitle = cvpr-2016,
	year = cvpr-2016-yr,
  month = cvpr-2016-mon}

@inproceedings{DenseNetDenseFlow,
  author    = {Yi Zhu and Shawn D. Newsam},
  title     = {DenseNet for Dense Flow},
  booktitle   = icip-2017,
  year      = icip-2017-yr}

@inproceedings{SE3Nets,
  author    = {Arunkumar Byravan and Dieter Fox},
  title     = {{SE3-Nets}: Learning Rigid Body Motion using Deep Neural Networks},
  booktitle = {Proceedings of the IEEE International Conference on Robotics and Automation},
  year = {2017}}

@inproceedings{FlowLayers,
  author    = {Laura Sevilla-Lara and Deqing Sun and Varun Jampani and Michael J. Black},
  title     = {Optical Flow with Semantic Segmentation and Localized Layers},
  booktitle = cvpr-2016,
  year = cvpr-2016-yr,
  month = cvpr-2016-mon}

@inproceedings{ESI,
  author    = {Min Bai and Wenjie Luo and Kaustav Kundu and Raquel Urtasun},
  title     = {Exploiting Semantic Information and Deep Matching for Optical Flow},
  booktitle = eccv-2016,
  year = eccv-2016-yr}

@inproceedings{VKITTI,
  author = {Adrien Gaidon and Qiao Wang and Yohann Cabon and Eleonora Vig},
  title = {Virtual Worlds as Proxy for Multi-Object Tracking Analysis},
  booktitle = cvpr-2016,
  year = cvpr-2016-yr,
  month = cvpr-2016-mon}

@inproceedings{KITTI2012,
  author = {Andreas Geiger and Philip Lenz and Raquel Urtasun},
  title = {Are we ready for Autonomous Driving? The {KITTI} Vision Benchmark Suite},
  booktitle = cvpr-2012,
  year = cvpr-2012-yr,
  month = cvpr-2012-mon}

@inproceedings{KITTI2015,
  author = {Moritz Menze and Andreas Geiger},
  title = {Object Scene Flow for Autonomous Vehicles},
  booktitle = cvpr-2015,
  year = cvpr-2015-yr,
  month = cvpr-2015-mon}

@inproceedings{PRSF,
  author = {C. Vogel and K. Schindler and S. Roth},
  title = {Piecewise Rigid Scene Flow},
  booktitle = iccv-2013,
  year = iccv-2013-yr,
  month = iccv-2013-mon}

@article{PRSM,
  author = {C. Vogel and K. Schindler and S. Roth},
  title = {3D Scene Flow with a Piecewise Rigid Scene Model},
  booktitle = ijcv,
  year = {2015}}

@inproceedings{MRFlow,
  author = {Jonas Wulff and Laura Sevilla-Lara and Michael J. Black},
  title = {Optical Flow in Mostly Rigid Scenes},
  booktitle = cvpr-2017,
  year = cvpr-2017-yr,
  month = cvpr-2017-mon}

@inproceedings{SPyNet,
  author = {Anurag Ranjan and Michael J. Black},
  title = {Optical Flow Estimation using a Spatial Pyramid Network},
  booktitle = cvpr-2017,
  year = cvpr-2017-yr,
  month = cvpr-2017-mon}

@inproceedings{FPN,
  author = {Tsung-Yi Lin and Piotr Dollár and Ross Girshick and Kaiming He and Bharath Hariharan and Serge Belongie},
  title = {Feature Pyramid Networks for Object Detection},
  booktitle = cvpr-2017,
  year = cvpr-2017-yr,
  month = cvpr-2017-mon}

@inproceedings{PoseNet,
  author = {Alex Kendall and Matthew Grimes and Roberto Cipolla},
  title = {PoseNet: A Convolutional Network for Real-Time 6-DOF Camera Relocalization},
  booktitle = iccv-2015,
  year = iccv-2015-yr,
  month = iccv-2015-mon}

@inproceedings{PoseNet2,
  author = {Alex Kendall and Roberto Cipolla},
  title = {Geometric loss functions for camera pose regression with deep learning},
  booktitle = cvpr-2017,
  year = cvpr-2017-yr,
  month = cvpr-2017-mon}

@inproceedings{STN,
  author = {M. Jadeberg and K. Zisserman and K. Kavukcuoglu},
  title = {Spatial transformer networks},
  booktitle = nips-2015,
  year = nips-2015-yr}

@inproceedings{CensusTerm,
  author = {Fridtjof Stein},
  title = {Efficient Computation of Optical Flow Using the Census Transform},
  booktitle = dagm-2004,
  year = dagm-2004-yr}

@inproceedings{DeeperDepth,
  author = {Iro Laina and Christian Rupprecht and Vasileios Belagiannis and Federico Tombari and Nassir Navab},
  title = {Deeper Depth Prediction with Fully Convolutional Residual Networks},
  booktitle = {Proceedings of the International Conference on 3D Vision},
  year = {2016}}

@inproceedings{TensorFlowObjectDetection,
  author = {J. Huang and V. Rathod and C. Sun and M. Zhu and A. Korattikara and A. Fathi and I. Fischer and Z. Wojna,
            and Y. Song and S. Guadarrama and K. Murphy},
  title = {Speed/accuracy trade-offs for modern convolutional object detectors},
  booktitle = cvpr-2017,
  year = cvpr-2017-yr,
  month = cvpr-2017-mon}

@misc{TensorFlow,
	title={{TensorFlow}: Large-Scale Machine Learning on Heterogeneous Systems},
	url={http://tensorflow.org/},
	note={Software available from tensorflow.org},
	author={Martín Abadi and others},
	year={2015}}

@inproceedings{LSTM,
  author = {Sepp Hochreiter and Jürgen Schmidhuber},
  title = {Long Short-Term Memory},
  booktitle = neco,
  year = {1997}}

@inproceedings{TemporalSF,
  author = {Christoph Vogel and Stefan Roth and Konrad Schindler},
  title = {View-Consistent 3D Scene Flow Estimation over Multiple Frames},
  booktitle = eccv-2014,
  year = eccv-2014-yr}

@inproceedings{Cityscapes,
  author = {M. Cordts and M. Omran and S. Ramos and T. Rehfeld and
            M. Enzweiler and R. Benenson and U. Franke and S. Roth and B. Schiele},
  title = {The Cityscapes Dataset for Semantic Urban Scene Understanding},
  booktitle = cvpr-2016,
  year = cvpr-2016-yr,
  month = cvpr-2016-mon}

@inproceedings{SGD,
  author = {Y. LeCun and B. Boser and J. S. Denker and D. Henderson
            and R. E. Howard and W. Hubbard and L. D. Jackel},
  title = {Backpropagation applied to handwritten zip code recognition},
  booktitle = neco,
  year = {1989}}

@inproceedings{GCNet,
  author = {Alex Kendall and Hayk Martirosyan and Saumitro Dasgupta and Peter Henry
            Ryan Kennedy and Abraham Bachrach and Adam Bry},
  title = {End-to-End Learning of Geometry and Context for Deep Stereo Regression},
  booktitle = cvpr-2017,
  year = cvpr-2017-yr,
  month = cvpr-2017-mon}

@inproceedings{BN,
  author = {Sergey Ioffe and Christian Szegedy},
  title = {Batch Normalization: Accelerating Deep Network Training by Reducing Internal Covariate Shift},
  booktitle = icml-2015,
  year = icml-2015-yr}

@inproceedings{He,
  author = {Kaiming He and Xiangyu Zhang and Shaoqing Ren and Jian Sun},
  title = {Delving Deep into Rectifiers: Surpassing Human-Level Performance on ImageNet Classification},
  booktitle = iccv-2015,
  year = iccv-2015-yr,
  month = iccv-2015-mon}

@inproceedings{UnFlow,
  author = {Simon Meister and Junhwa Hur and Stefan Roth},
  title = {UnFlow: Unsupervised Learning of Optical Flow with a Bidirectional Census Loss},
  booktitle = aaai-2018,
  year = aaai-2018-yr}

@inproceedings{UnsupDepth,
  title={Unsupervised Learning of Depth and Ego-Motion from Video},
  author={Ravi Garg and BG Vijay Kumar and Gustavo Carneiro and Ian Reid},
  booktitle=eccv-2016,
  year=eccv-2016-yr}

@inproceedings{UnsupPoseDepth,
  title={Unsupervised CNN for single view depth estimation: Geometry to the rescue},
  author={Tinghui Zhou and Matthew Brown and Noah Snavely and David G. Lowe},
  booktitle=cvpr-2017,
  year = cvpr-2017-yr,
  month = cvpr-2017-mon}

@inproceedings{UnsupFlownet,
  title={Back to Basics: Unsupervised Learning of Optical Flow via Brightness Constancy and Motion Smoothness},
  author={Jason J. Yu and Adam W. Harley and Konstantinos G. Derpanis},
  booktitle={ECCV 2016 Workshops},
  year={2016}}

@article{ImageNet,
  title={ImageNet Large Scale Visual Recognition Challenge},
  author={Olga Russakovsky and others},
  booktitle=ijcv,
  year={2015}}
